@Article{example,
  Title                    = {Ex. Article},
  Author                   = {Fixel},
  Journal                  = {Information and computation},
  Year                     = {2016},
  Number                   = {1},
  Pages                    = {1--37},
  Volume                   = {XXX},

  Publisher                = {Some pub}
}

